@incollection{shields2016design,
	title={\href{http://arc.aiaa.org/doi/pdf/10.2514/6.2016-5365}{Design and Manufacture of an Open-Hardware University Rocket Airframe using Carbon Fiber}},
	author={Shields, Joseph P and Elwood, Leslie},
	booktitle={AIAA SPACE 2016},
	pages={5365},
	year={2016}
}
